<?xml version="1.0" encoding="UTF-8"?><record xmlns="http://www.loc.gov/MARC21/slim" xmlns:cinclude="http://apache.org/cocoon/include/1.0" xmlns:zs="http://www.loc.gov/zing/srw/">
  <leader>00399nz  a2200121n  4500</leader>
  <controlfield tag="001">n  96028874 </controlfield>
  <controlfield tag="003">DLC</controlfield>
  <controlfield tag="005">19960325103626.8</controlfield>
  <controlfield tag="008">960325n| acannaab|          |n aaa |||  </controlfield>
  <datafield tag="010" ind1=" " ind2=" ">
    <subfield code="a">n  96028874 </subfield>
  </datafield>
  <datafield tag="040" ind1=" " ind2=" ">
    <subfield code="a">DLC</subfield>
    <subfield code="c">DLC</subfield>
  </datafield>
  <datafield tag="100" ind1="1" ind2="0">
    <subfield code="a">Adedeji, Adeyemi A.</subfield>
  </datafield>
  <datafield tag="670" ind1=" " ind2=" ">
    <subfield code="a">The law of liberty, c1995:</subfield>
    <subfield code="b">t.p. (Adeyemi A. Adedeji) p. 4 of cover (b. in Nigeria, West Africa; co-founder of Peacemaker Evangelical Ministry)</subfield>
  </datafield>
</record>